@article{tsinganos,
  author = {Panagiotis Tsinganos, Bruno Cornelis, Jan Cornelis, Bart Jansen, Athanassios Skodras},
  title = {Data Augmentation of Surface Electromyography for Hand Gesture Recognition},
  journal = {PubMed Central},
  year = {2020},
}

@article{gogolewski,
  author = {Damian Gogolewski},
  title = {Influence of the edge effect on the wavelet analysis process},
  journal = {ScienceDirect},
  year = {2020},
}

@article{kamycki,
  author = { Krzysztof Kamycki,Tomasz Kapuscinski,Mariusz Oszust},
  title = {Data Augmentation with Suboptimal Warping for Time-Series Classification},
  journal = {MDPI},
  year = {2020},
}

@article{zhang,
  author = { Boyang Zhang, Jared Leitner, Sam Thornton},
  title = {Audio Recognition using Mel Spectrograms and
Convolution Neural Networks},
  journal = {UCSD},
}
@article{garcia,
  author = { Álvaro Costa‐García 1,✉, Eduardo Iáñez 2, Moeka Yokoyama 1, Sayako Ueda 1, Shotaro Okajima 1, Shingo Shimoda 1},
  title = {Quantification of high and low sEMG spectral components during sustained isometric contraction},
  journal = {NIH},
  year = {2022},
}
@article{smith,
  author = { Leslie N. Smith, Nicholay Topin},
  title = {Super-Convergence: Very Fast Training of Neural Networks Using Large Learning Rates},
  journal = {arXiv},
  year = {2017},
}
@article{hannun,
  author = { Awni Hannun, Ann Lee, Qiantong Xu, Ronan Collobert},
  title = {Sequence-to-Sequence Speech Recognition with
Time-Depth Separable Convolutions},
  journal = {arXiv},
  
}


@article{zhao,
  author = {Yan Zhao et al.},
  title = {Multi-Head Attention-Based Long Short-Term Memory for Depression Detection From Speech},
  journal = {Front Neurobot},
  year = {2021},
}






@article{rahimian,
  author = {Elahe Rahimian et al.},
  title = {TEMGNet: Deep Transformer-based Decoding of
Upperlimb sEMG for Hand Gestures Recognition},
  journal = {IEEE Robotics and Automation Letters},
  year = {2021},
}

@article{synnaeve,
  author = {Gabriel Synnaeve},
  title = {END-TO-END ASR: FROM SUPERVISED TO SEMI-SUPERVISED
LEARNING WITH MODERN ARCHITECTURES},
  journal = {arXiv},
}













